<?xml version="1.0" encoding="UTF-8"?><record xmlns="http://www.loc.gov/MARC21/slim" xmlns:cinclude="http://apache.org/cocoon/include/1.0" xmlns:zs="http://www.loc.gov/zing/srw/">
  <leader>00449nz  a2200133n  4500</leader>
  <controlfield tag="001">n  89634220 </controlfield>
  <controlfield tag="003">DLC</controlfield>
  <controlfield tag="005">19890613113104.1</controlfield>
  <controlfield tag="008">890613n| acannaab|          |n aaa |||  </controlfield>
  <datafield tag="010" ind1=" " ind2=" ">
    <subfield code="a">n  89634220 </subfield>
  </datafield>
  <datafield tag="040" ind1=" " ind2=" ">
    <subfield code="a">DLC</subfield>
    <subfield code="c">DLC</subfield>
  </datafield>
  <datafield tag="100" ind1="1" ind2="0">
    <subfield code="a">Simády, Béla</subfield>
  </datafield>
  <datafield tag="670" ind1=" " ind2=" ">
    <subfield code="a">nuc88-31056: Pákozdi, L. Magyar postabélyegek (1962-1979) ... 1981</subfield>
    <subfield code="b">(hdg. on CU rept.: Simády, Béla; usage: Simády Béla)</subfield>
  </datafield>
  <datafield tag="670" ind1=" " ind2=" ">
    <subfield code="a">LC data base, 6-13-89</subfield>
    <subfield code="b">(hdg.: Simády, Béla)</subfield>
  </datafield>
</record>